@inproceedings{breakingdvbcsa,
title = {{Breaking DVB-CSA}},
author = "Erik Tews and Julian W{\"a}lde and Michael Weiner",
year = "2011",
pages = "45--61",
booktitle = "Research in Cryptology",
}

@misc{geniatech230,
title={{Geniatech T230}},
howpublished="Online \url{https://www.geniatech.com/product/t230/}"
}

@misc{mpegts,
title={{MPEG-2 Transmission}},
howpublished="https://erg.abdn.ac.uk/future-net/digital-video/mpeg2-trans.html"
}

@book{Stinson:Cryptography,
 author = {Stinson, Douglas},
 title = {Cryptography: Theory and Practice, Second Edition},
 year = {2002},
 isbn = {1584882069},
 edition = {2nd},
 publisher = {CRC/C\&H},
} 

@misc{rfc8216,
title={{RFC 8216}},
howpublished="https://tools.ietf.org/html/rfc8216",
}

@misc{rfc5246,
title={{RFC 5246}},
howpublished="https://tools.ietf.org/html/rfc5246",
}


@misc{rfc6101,
title={{RFC 6101}},
howpublished="https://tools.ietf.org/html/rfc6101",
}

@misc{httpcookie,
title={{HTTP cookie}},
howpublished="https://en.wikipedia.org/wiki/HTTP\_cookie"
}

@misc{MPEG2:overview,
title={{A Guide to MPEG Fundamentals and Protocol Analysis}},
howpublished="http://www.img.lx.it.pt/~fp/cav/Additional\_material/MPEG2\_overview.pdf"
}

@article{dtv,
author = {Fischer, Walter},
year = {2019},
month = {04},
pages = {},
title = {Digital television : a practical guide for engineers / Walter Fischer},
journal = {SERBIULA (sistema Librum 2.0)}
}

@misc{rfc2250,
title = {RFC2250: RTP Payload Format for MPEG1/MPEG2 Video},
howpublished = {https://tools.ietf.org/html/rfc2250}
}